@book{bishop2006pattern,
	title={Pattern Recognition And Machine Learning},
	author={Bishop, Christopher Michael},
	year={2006},
	publisher={springer}
}
@inproceedings{beigi1998distance,
	title={A distance measure between collections of distributions and its application to speaker recognition},
	author={Beigi, Homayoon SM and Maes, St{\'e}phane H and Sorensen, Jeffrey S},
	booktitle={Proceedings of the 1998 IEEE International Conference on Acoustics, Speech and Signal Processing, ICASSP'98 (Cat. No. 98CH36181)},
	volume={2},
	pages={753--756},
	year={1998},
	organization={IEEE}
}
