@article{gobel2013unternehmensethik,
  title={Unternehmensethik: Grundlagen und praktische Umsetzung},
  edition={Dritte Auflage},
  author={G{\"o}bel, Elisabeth},
  journal={Konstanz et al},
  langid={ngerman},
  year={2013}
}
@book{hubner2018einfuhrung,
	title={Einf{\"u}hrung in die philosophische Ethik},
	author={H{\"u}bner, Dietmar},
	edition={Zweite Auflage},
	year={2018},
	publisher={UTB},
	langid={ngerman}
}
@article{shannon1948mathematical,
	title={A mathematical theory of communication},
	author={Shannon, Claude E},
	journal={The Bell system technical journal},
	volume={27},
	number={3},
	pages={379--423},
	year={1948},
	publisher={Nokia Bell Labs}
}
@book{kant1870grundlegung,
	title={Grundlegung zur Metaphysik der Sitten},
	author={Kant, Immanuel},
	year={1870},
	langid={ngerman}
}
@article{jonas1984imperative,
	title={The imperative of responsibility: In search of an ethics for the technological age},
	author={Jonas, Hans},
	year={1984}
}
@article{caroll1991pyramid,
	title={The pyramid of Corporate Social Responsibility: Toward The Management of Organizational Stakeholders},
	author={Caroll, Archie B},
	journal={Business Review.â€”July-August},
	year={1991}
}
@book{brand2016corporate,
	title={Corporate Responsibility Management},
	author={Brand, Fridolin S and Winist{\"o}rfer, Herbert},
	volume={6},
	year={2016},
	publisher={vdf Hochschulverlag AG}
}
@article{stead2008sustainable,
	title={Sustainable strategic management: an evolutionary perspective},
	author={Stead, Jean Garner and Stead, W Edward},
	journal={International Journal of Sustainable Strategic Management},
	volume={1},
	number={1},
	pages={62--81},
	year={2008},
	publisher={Inderscience Publishers}
}
