@online{markov,
	title = {{Hidden Markov Models - An Introduction}},
	author = {{QuantStart}},
	url = {https://www.quantstart.com/articles/hidden-markov-models-an-introduction/},
	urldate = {2020-04-12},
	year = {2020}
}